@INPROCEEDINGS{zhao-2005, 
author={Qibin Zhao and Liqing Zhang}, 
journal={Neural Networks and Brain, 2005. ICNN B '05. International Conference on}, 
title={ECG Feature Extraction and Classification Using Wavelet Transform and Support Vector Machines}, 
booktitle = {""},
year={2005}, 
month={oct.}, 
volume={2}, 
pages={1089 -1092}, 
keywords={ECG signals;Gaussian kernel;autoregressive modelling;data preprocessing;feature extraction methods;heart rhythm recognition;support vector machines;wavelet transform;autoregressive processes;electrocardiography;feature extraction;medical image processing;support vector machines;wavelet transforms;}, 
doi={10.1109/ICNNB.2005.1614807}, 
}

@ARTICLE{guler.1,
AUTHOR = "Inan Güler and Elif Derya Übeyli",
TITLE = "ECG beat classifier designed by combined neural network model.",
JOURNAL = "Pattern Recognition",
PAGES = {199-208},
YEAR = {2005}  
} 

@INPROCEEDINGS{yeap.1, 
author={Yeap, T.H. and Johnson, F. and Rachniowski, M.}, 
booktitle={Engineering in Medicine and Biology Society, 1990., Proceedings of the Twelfth Annual International Conference of the IEEE}, 
title={ECG Beat Classification By A Neural Network}, 
year={1990}, 
month={nov}, 
pages={1457 -1458}, 
doi={10.1109/IEMBS.1990.691837}, 
}

@INPROCEEDINGS{ozbay.1, 
author={Ozbay, Y. and Karlik, B.}, 
booktitle={Engineering in Medicine and Biology Society, 2001. Proceedings of the 23rd Annual International Conference of the IEEE}, title={A recognition of ECG arrhytihemias using artificial neural networks}, 
year={2001}, 
volume={2}, 
pages={ 1680 - 1683 vol.2}, 
keywords={ ANN structure; ECG arrhythmias recognition; MIT-BIH database; arrhythmia classification; atrial fibrillation; atrial flutter; atrial premature contraction; backpropagation learning; left bundle branch block; mixed classification; multilayered neural networks; normal sinus rhythm; paced beat; right bundle branch block; single classification; sinus arrhythmia; sinus bradycardia; ventricular tachycardia; waveform detection; backpropagation; electrocardiography; feature extraction; feedforward neural nets; medical expert systems; medical signal processing; signal classification; waveform analysis;}, 
doi={10.1109/IEMBS.2001.1020538}, 
ISSN={1094-687X },
}

@article{Ceylan.1,
 author = {Ceylan, Rahime and \"{O}zbay, Y\"{u}ksel},
 title = {Comparison of FCM, PCA and WT techniques for classification ECG arrhythmias using artificial neural network},
 journal = {Expert Syst. Appl.},
 volume = {33},
 issue = {2},
 month = {August},
 year = {2007},
 issn = {0957-4174},
 pages = {286--295},
 numpages = {10},
 url = {http://portal.acm.org/citation.cfm?id=1224564.1224769},
 doi = {10.1016/j.eswa.2006.05.014},
 acmid = {1224769},
 publisher = {Pergamon Press, Inc.},
 address = {Tarrytown, NY, USA},
 keywords = {Arrhythmia, Artificial neural network, ECG, Fuzzy c-means clustering, Principal component analysis, Wavelet transform},
} 

@INPROCEEDINGS{Elsayad.1, 
author={Elsayad, A.M.}, 
booktitle={Computer Engineering Systems, 2009. ICCES 2009. International Conference on}, title={Classification of ECG arrhythmia using learning vector quantization neural networks}, 
year={2009}, 
month={dec.}, 
pages={139 -144}, 
keywords={ECG arrhythmia classification;ambiguous biosignal data;back propagation;electrocardiogram dataset;learning vector quantization;maintaining rapid convergence;nearest neighbor rule;neural networks;principal component analysis;electrocardiography;learning (artificial intelligence);medical signal processing;neural nets;principal component analysis;signal classification;vector quantisation;}, 
doi={10.1109/ICCES.2009.5383295}, 
}

@INPROCEEDINGS{Karraz.1, 
author={Karraz, G. and Magenes, G.}, 
booktitle={Engineering in Medicine and Biology Society, 2006. EMBS '06. 28th Annual International Conference of the IEEE}, title={Automatic Classification of Heartbeats using Neural Network Classifier based on a Bayesian Framework}, 
year={2006}, 
month={30 2006-sept. 3}, 
pages={4016 -4019}, 
keywords={Bayesian framework;ECG;MIT-BIH arrhythmia database directory;atrial premature conduction beat;automatic heartbeat classification;cardiologist;ectopic beats;electrocardiogram signal processing;learning dataset;left bundle branch block beat;neural network classifier;normal beat;paced rhythm beat;premature ventricular conduction beat;right bundle branch block beat;belief networks;diseases;electrocardiography;medical signal processing;neural nets;signal classification;}, 
doi={10.1109/IEMBS.2006.259356}, 
ISSN={1557-170X},
}

@article{Anuradha.1,
author = {B. Anuradha and V. C. Veera Reddy},
title = {CARDIAC ARRHYTHMIA CLASSIFICATION USING FUZZY CLASSIFIERS},
journal = {Journal of Theoretical and Applied Information Technology}, 
year = {2008},
masid = {4838720}
}

@article{Exarchos.1,
 author = {Exarchos, Themis P. and Tsipouras, Markos G. and Exarchos, Costas P. and Papaloukas, Costas and Fotiadis, Dimitrios I. and Michalis, Lampros K.},
 title = {A methodology for the automated creation of fuzzy expert systems for ischaemic and arrhythmic beat classification based on a set of rules obtained by a decision tree},
 journal = {Artif. Intell. Med.},
 volume = {40},
 issue = {3},
 month = {July},
 year = {2007},
 issn = {0933-3657},
 pages = {187--200},
 numpages = {14},
 url = {http://portal.acm.org/citation.cfm?id=1276526.1276684},
 doi = {10.1016/j.artmed.2007.04.001},
 acmid = {1276684},
 publisher = {Elsevier Science Publishers Ltd.},
 address = {Essex, UK},
 keywords = {Arrhythmia, Data mining, Fuzzy expert system, Ischaemia, Optimization},
} 

@Article{Yeh.1,
  author = 	 {Yeh Y.-C., Wang W.-J., Chiou C.W.},
  title = 	 {Heartbeat case determination using fuzzy logic method on ECG signals},
  journal = 	 {International Journal of Fuzzy Systems},
  year = 	 {2009},
  OPTvolume = 	 {11},
  OPTnumber = 	 {4},
  OPTmonth = 	 {December},
}

@INPROCEEDINGS{Ghongade.1, 
author={Ghongade, R. and Ghatol, A.A.}, 
booktitle={TENCON 2007 - 2007 IEEE Region 10 Conference}, title={A brief performance evaluation of ECG feature extraction techniques for artificial neural network based classification}, 
year={2007}, 
month={30 2007-nov. 2}, 
pages={1 -4}, 
keywords={ECG signal;arrhythmia;artificial neural network;bioelectric signal;cardiac problem;discrete Fourier transform;discrete wavelet transform;electrocardiogram;heart beat classification;morphological feature extraction;patient heart condition;premature ventricular contraction;principal component analysis;transform feature extraction;discrete Fourier transforms;discrete wavelet transforms;electrocardiography;feature extraction;medical diagnostic computing;medical signal processing;neural nets;patient diagnosis;principal component analysis;signal classification;}, 
doi={10.1109/TENCON.2007.4429096}, 
}

@INPROCEEDINGS{Hao.1, 
author={Hao Zhang and Li-Qing Zhang}, 
booktitle={Neural Networks and Brain, 2005. ICNN B '05. International Conference on}, title={ECG analysis based on PCA and Support Vector Machines}, 
year={2005}, 
month={oct.}, 
volume={2}, 
pages={743 -747}, 
keywords={ECG analysis;MIT-BIH database;PCA;cardiovascular diseases;electrocardiogram;pattern classification method;premature ventricular contraction;principal component analysis;support vector machines;diseases;electrocardiography;medical signal processing;principal component analysis;support vector machines;}, 
doi={10.1109/ICNNB.2005.1614733}, 
}

@inproceedings{Nasiri.1,
 author = {Nasiri, Jalal A. and Naghibzadeh, Mahmoud and Yazdi, H. Sadoghi and Naghibzadeh, Bahram},
 title = {ECG Arrhythmia Classification with Support Vector Machines and Genetic Algorithm},
 booktitle = {Proceedings of the 2009 Third UKSim European Symposium on Computer Modeling and Simulation},
 series = {EMS '09},
 year = {2009},
 isbn = {978-0-7695-3886-0},
 pages = {187--192},
 numpages = {6},
 url = {http://dx.doi.org/10.1109/EMS.2009.39},
 doi = {http://dx.doi.org/10.1109/EMS.2009.39},
 acmid = {1675092},
 publisher = {IEEE Computer Society},
 address = {Washington, DC, USA},
 keywords = {ECG, arrhythmia, support vector machine, genetic algorithms, feature reduction},
} 

@ARTICLE{Melgani.1, 
author={Melgani, F. and Bazi, Y.}, 
journal={Information Technology in Biomedicine, IEEE Transactions on}, title={Classification of Electrocardiogram Signals With Support Vector Machines and Particle Swarm Optimization}, 
year={2008}, 
month={sept. }, 
volume={12}, 
number={5}, 
pages={667 -677}, 
keywords={ECG beat automatic classification;Massachusetts Institute of Technology-Beth Israel Hospital;PSO-SVM classification system;SVM classifier;SVM generalization capability;arrhythmia database;eectrocardiogram signal classification;particle swarm optimization;support vector machines;electrocardiography;medical image processing;particle swarm optimisation;support vector machines;Algorithms;Arrhythmias, Cardiac;Artificial Intelligence;Diagnosis, Computer-Assisted;Electrocardiography;Humans;Pattern Recognition, Automated;Reproducibility of Results;Sensitivity and Specificity;}, 
doi={10.1109/TITB.2008.923147}, 
ISSN={1089-7771},
}

@ARTICLE{Philip.1, 
author={Philip de Chazal and O'Dwyer, M. and Reilly, R.B.}, 
journal={Biomedical Engineering, IEEE Transactions on}, title={Automatic classification of heartbeats using ECG morphology and heartbeat interval features}, 
year={2004}, 
month={july }, 
volume={51}, 
number={7}, 
pages={1196 -1206}, 
keywords={ECG morphology;MIT-BIH arrhythmia database;automated heartbeat classification systems;electrocardiogram processing;heartbeat interval features;nonpacemaker recordings;normal beat;statistical classifier model;supraventricular ectopic beat;ventricular ectopic beat;electrocardiography;medical signal processing;signal classification;Algorithms;Arrhythmias, Cardiac;Artificial Intelligence;Cluster Analysis;Diagnosis, Computer-Assisted;Electrocardiography;European Union;False Positive Reactions;Heart Rate;Humans;Pattern Recognition, Automated;Reproducibility of Results;Sensitivity and Specificity;Signal Processing, Computer-Assisted;United States;}, 
doi={10.1109/TBME.2004.827359}, 
ISSN={0018-9294},
}

@Article{Sato:1995,
  author = 	 {A. Sato and K. Yamada},
  title = 	 {Generalized Learning Vector Quantization},
  journal = 	 {Advances in Neural Information Processing Systems (NIPS)},
  year = 	 {1995},
  volume = 	 {7},
  publisher = {MIT Press},
  pages = 	 {423-429},
  editor = {G. Tesauro and D. Touretzky and and T. Leen}
}

@inproceedings{Sato:1998,
 author = {Sato, Atsushi and Yamada, Keiji},
 title = {A Formulation of Learning Vector Quantization Using a New Misclassification Measure},
 booktitle = {Proceedings of the 14th International Conference on Pattern Recognition-Volume 1 - Volume 1},
 series = {ICPR '98},
 year = {1998},
 isbn = {0-8186-8512-3},
 pages = {322--},
 url = {http://portal.acm.org/citation.cfm?id=839289.842499},
 acmid = {842499},
 publisher = {IEEE Computer Society},
 address = {Washington, DC, USA},
} 

@INPROCEEDINGS{Sato:1999, 
	author={Sato, A.}, 
	booktitle={Artificial Neural Networks, 1999. ICANN 99. Ninth International Conference on (Conf. Publ. No. 470)}, 
	title={An analysis of initial state dependence in generalized LVQ}, 
	year={1999}, 
	volume={2}, 
	pages={928 -933 vol.2}, 
	keywords={ initial state dependence; learning vector quantisation; minimum classification error; pattern classification; probability; neural nets;}, 
	doi={10.1049/cp:19991231}, 
	ISSN={0537-9989},
}

@MISC{medicinenet.1,
	AUTHOR       = "MedicineNet",
	TITLE	     = {Heart Disease},
	URL          = {http://www.medicinenet.com/heart_disease/article.htm},
	HOWPUBLISHED = "Internet",
	MONTH        = "March",
	YEAR         = "2010"
}

@MISC{medicinenet.2,
	AUTHOR       = "MedicineNet",
	TITLE	     = {Heart Disease and Abnormal Heart Rhythm (Arrhythmia)},
	URL          = {http://www.medicinenet.com/arrhythmia_irregular_heartbeat/article.htm},
	HOWPUBLISHED = "Internet",
	MONTH        = "March",
	YEAR         = "2010"
}

@Book{karim.1,
  author = 	 {Sjukri Karim and Peter Kabo},
  title = 	 {EKG dan Penanggulangan beberapa penyakit jantung untuk dokter umum},
  publisher = 	 {Balai Penerbit FKUI, Jakarta},
  year = 	 {1996},
}

@book{haykin-1994,
    address = {New York},
    author = {Haykin, S.},
    citeulike-article-id = {2429223},
    keywords = {neural\_nets},
    posted-at = {2008-02-26 12:33:02},
    priority = {2},
    publisher = {Macmillan},
    title = {{Neural Networks: A Comprehensive Foundation}},
    year = {1994}
}

@article{meyer-1977,
	title = "Electrocardiogram baseline noise estimation and removal using cubic splines and state-space computation techniques",
	journal = "Computers and Biomedical Research",
	volume = "10",
	number = "5",
	pages = "459 - 470",
	year = "1977",
	issn = "0010-4809",
	doi = "DOI: 10.1016/0010-4809(77)90021-0",
	url = "http://www.sciencedirect.com/science/article/pii/0010480977900210",
	author = "C.R. Meyer and H.N. Keiser"
}

@article{alst-1986,
          volume = {19},
          number = {5},
          author = {J.A. {Alst\~A\copyright} van and W. {Eck} van and O.E. {Hermann}},
           title = {ECG baseline wander reduction using linear phase filters},
       publisher = {Academic Press},
         journal = {Computers and Biomedical Research},
           pages = {417--427},
            year = {1986},
             url = {http://doc.utwente.nl/69667/},
}

@book{clifford-2006,
	 author = {Clifford, Gari D. and Azuaje, Francisco and McSharry, Patrick},
	 title = {Advanced Methods And Tools for ECG Data Analysis},
	 year = {2006},
	 isbn = {1580539661},
	 publisher = {Artech House, Inc.},
	 address = {Norwood, MA, USA},
} 

@Misc{clifford-2005,
  author = 	 {Clifford, Gari D.},
  title = 	 {Baseline Wander Removal Open Source ECG Package},
  year = 	 {2005},
  url = 	 {http://www.mit.edu/~gari/code/filters/}
}

@Misc{sameni-2006,
  author = 	 {Reza Sameni},
  title = 	 {Baseline Wander Removal Open Source ECG Toolbox},
  year = 	 {2006},
  url = 	 {http://mehr.sharif.ir/~r\_sameni/ECGToolbox/BWRemoval.rar},
}

@INPROCEEDINGS{Kohonen92lvqpak,
    author = {Teuvo Kohonen and Jari Kangas and Jorma Laaksonen and Kari Torkkola},
    title = {LVQ PAK: A program package for the correct application of Learning Vector Quantization algorithms},
    booktitle = {""},
    year = {1992},
    pages = {725--730},
    publisher = {IEEE}
}

@techreport{Kohonen-1986b,
    address = {Espoo, Finland},
    author = {Kohonen, Teuvo},
    citeulike-article-id = {793989},
    institution = {Helsinki University of Technology},
    keywords = {lsb},
    number = {TKK-F-A601},
    posted-at = {2006-08-10 13:53:54},
    priority = {2},
    title = {{Learning Vector Quantization for Pattern Recognition}},
    type = {Report},
    year = {1986}
}

@article{Kusumoputro:2002,
title = "Fuzzy-neuro LVQ and its comparison with fuzzy algorithm LVQ in artificial odor discrimination system",
journal = "ISA Transactions",
volume = "41",
number = "4",
pages = "395 - 407",
year = "2002",
issn = "0019-0578",
doi = "DOI: 10.1016/S0019-0578(07)60097-4",
url = "http://www.sciencedirect.com/science/article/pii/S0019057807600974",
author = "Benyamin Kusumoputro and Hary Budiarto and Wisnu Jatmiko",
keywords = "Neural networks, Learning vector quantization, Fuzzy LVQ, Odor recognition system",
}

@INPROCEEDINGS{Kusumoputro:2002b, 
author={Kusumoputro, B. and Jatmiko, W.}, 
booktitle={Circuits and Systems, 2002. APCCAS '02. 2002 Asia-Pacific Conference on}, 
title={Recognition of odor mixture using fuzzy-LVQ neural networks with matrix similarity analysis}, 
year={2002}, 
volume={2}, 
pages={ 57 - 61 vol.2}, 
keywords={ 20 MHz; backpropagation neural system; fuzzy-LVQ neural networks; learning vector quantization; matrix similarity analysis; neural classifier; odor mixture recognition; quartz resonators; recognition rate; crystal resonators; fuzzy neural nets; gas sensors; learning (artificial intelligence); vector quantisation;}, 
doi={10.1109/APCCAS.2002.1115120}, 
}

@book{Kuncheva:2004,
 author = {Kuncheva, Ludmila I.},
 title = {Combining Pattern Classifiers: Methods and Algorithms},
 year = {2004},
 isbn = {0471210781},
 publisher = {Wiley-Interscience},
} 

@Misc{Agfi:2006,
  author = 	 {Agfianto Eko Putra},
  title = 	 {Analisis Sinyal non-stasioner menggunakan wavelet dan metode dekorlet},
  year = 	 {2006},
}

@Misc{wavelet:matlab,
  OPTauthor = 	 {Michel Misiti and Yves Misiti and  Georges Oppenheim and Jean-Michel Poggi},
  OPTtitle = 	 {Wavelet Toolbox for use with Matlab},
}

@Article{Mallat:1989,
  author = 	 {Mallat, S},
  title = 	 {A theory for multiresolution signal decomposition, the wavelet representation},
  journal = 	 {IEEE Pattern Analysis and Machine Intelligent },
  year = 	 {1989},
  OPTvolume = 	 {11},
  OPTnumber = 	 {7},
  OPTpages = 	 {674-693},
}

@Article{Senhadji:1995,
  author = 	 {Senhadji, L. and Carrault, G. and Bellanger, J.J. and Passariello, G},
  title = 	 {Comparing wavelet transforms for recognizing cardiac patterns},
  journal = 	 {Engineering in Medicine and Biology Magazine IEEE},
  year = 	 {1995},
  OPTvolume = 	 {14},
  OPTpages = 	 {167173},
}

@ARTICLE{ guler:2005,
AUTHOR = "Inan Güler and Elif Derya Übeyli",
TITLE = "ECG beat classifier designed by combined neural network model.",
JOURNAL = "Pattern Recognition",
PAGES = {199-208},
YEAR = {2005}  
}

% WAVELET
@article{haque:2002,
author = {M. A. Haque and M. E. Rahman and C. A. Al Sayeed and B. M. Z. Uddin},
title = {A Fast Algorithm in Detecting ECG Characteristic Points},
year = {2002},
masid = {5776857}
}

@article{Zheng:1995, 
	title={Detection of ECG characteristic points using wavelet transforms.}, 
	volume={42}, 
	url={http://ieeexplore.ieee.org/lpdocs/epic03/wrapper.htm?arnumber=362922}, 
	number={1}, 
	journal={IEEE Transactions on Biomedical Engineering}, 
	author={Li, C and Zheng, C and Tai, C}, 
	year={1995}, 
	pages={21--28}
}

@PhdThesis{Rochmatullah:2009,
  author = 	 {Rochmatullah},
  title = 	 {Modifikasi Fuzzy Neuro Learning Vector Quantization menggunakan Particle Swarm Optimization untuk Sistem Penciuman Elektronik},
  school = 	 {Fakultas Ilmu Komputer, Universitas Indonesia},
  year = 	 {2009},
}

@article{Zadeh:1965,
	author = {{L.A.} Zadeh},
	title = {Fuzzy Sets},
	journal = {Information Control},
	volume = {8},
	pages = {338--353},
	year = {1965} 
}